<?xml version="1.0" encoding="UTF-8"?>
  <record xmlns="http://www.loc.gov/MARC21/slim" type="Authority">
    <leader>00000nz  a2200000nc 4500</leader>
    <controlfield tag="001">12988121X</controlfield>
    <controlfield tag="003">DE-101</controlfield>
    <controlfield tag="005">20210414003056.0</controlfield>
    <controlfield tag="008">050323n||azznnaabn           | aaa    |c</controlfield>
    <datafield tag="024" ind1="7" ind2=" ">
      <subfield code="a">12988121X</subfield>
      <subfield code="0">http://d-nb.info/gnd/12988121X</subfield>
      <subfield code="2">gnd</subfield>
    </datafield>
    <datafield tag="035" ind1=" " ind2=" ">
      <subfield code="a">(DE-101)12988121X</subfield>
    </datafield>
    <datafield tag="035" ind1=" " ind2=" ">
      <subfield code="a">(DE-588)12988121X</subfield>
    </datafield>
    <datafield tag="035" ind1=" " ind2=" ">
      <subfield code="z">(DE-588)1089881835</subfield>
    </datafield>
    <datafield tag="035" ind1=" " ind2=" ">
      <subfield code="z">(DE-588)1090232152</subfield>
    </datafield>
    <datafield tag="035" ind1=" " ind2=" ">
      <subfield code="z">(DE-588a)12988121X</subfield>
      <subfield code="9">v:zg</subfield>
    </datafield>
    <datafield tag="035" ind1=" " ind2=" ">
      <subfield code="z">(DE-588a)1013871642</subfield>
    </datafield>
    <datafield tag="035" ind1=" " ind2=" ">
      <subfield code="z">(DE-588c)4820737-8</subfield>
      <subfield code="9">v:zg</subfield>
    </datafield>
    <datafield tag="040" ind1=" " ind2=" ">
      <subfield code="a">DE-384</subfield>
      <subfield code="c">DE-384</subfield>
      <subfield code="9">r:DE-384</subfield>
      <subfield code="b">ger</subfield>
      <subfield code="d">9999</subfield>
    </datafield>
    <datafield tag="042" ind1=" " ind2=" ">
      <subfield code="a">gnd1</subfield>
    </datafield>
    <datafield tag="043" ind1=" " ind2=" ">
      <subfield code="c">XB-IR</subfield>
    </datafield>
    <datafield tag="065" ind1=" " ind2=" ">
      <subfield code="a">22.5p</subfield>
      <subfield code="2">sswd</subfield>
    </datafield>
    <datafield tag="075" ind1=" " ind2=" ">
      <subfield code="b">p</subfield>
      <subfield code="2">gndgen</subfield>
    </datafield>
    <datafield tag="075" ind1=" " ind2=" ">
      <subfield code="b">piz</subfield>
      <subfield code="2">gndspec</subfield>
    </datafield>
    <datafield tag="079" ind1=" " ind2=" ">
      <subfield code="a">g</subfield>
      <subfield code="q">s</subfield>
      <subfield code="q">f</subfield>
      <subfield code="q">o</subfield>
      <subfield code="u">w</subfield>
    </datafield>
    <datafield tag="100" ind1="0" ind2=" ">
      <subfield code="a">Ḫālid Ibn-Yazīd al-Umawī</subfield>
      <subfield code="d">-704</subfield>
    </datafield>
    <datafield tag="400" ind1="0" ind2=" ">
      <subfield code="a">Khālid ibn Yazīd al-Umawī</subfield>
      <subfield code="d">-704</subfield>
      <subfield code="9">v:anglo-amerikan. Umschrift</subfield>
    </datafield>
    <datafield tag="400" ind1="0" ind2=" ">
      <subfield code="a">Ḫālid Ibn-Jazīd al-Umawī</subfield>
      <subfield code="d">-704</subfield>
    </datafield>
    <datafield tag="400" ind1="0" ind2=" ">
      <subfield code="a">Ḫālid Ibn-Jesīd</subfield>
      <subfield code="d">-704</subfield>
    </datafield>
    <datafield tag="400" ind1="0" ind2=" ">
      <subfield code="a">Ḫālid Ibn-Yesīd</subfield>
      <subfield code="d">-704</subfield>
    </datafield>
    <datafield tag="400" ind1="0" ind2=" ">
      <subfield code="a">Khālid Ibn-Yazīd al-Umawī</subfield>
      <subfield code="d">-704</subfield>
    </datafield>
    <datafield tag="400" ind1="0" ind2=" ">
      <subfield code="a">Ḫālid Ibn-Yezīd</subfield>
      <subfield code="d">-704</subfield>
    </datafield>
    <datafield tag="400" ind1="1" ind2=" ">
      <subfield code="a">Rachaidibi, Kallid</subfield>
      <subfield code="d">-704</subfield>
    </datafield>
    <datafield tag="400" ind1="0" ind2=" ">
      <subfield code="a">Kallid Rachaidibi</subfield>
      <subfield code="d">-704</subfield>
    </datafield>
    <datafield tag="400" ind1="1" ind2=" ">
      <subfield code="a">Ibn-Yazīd, al-Umawi K.</subfield>
      <subfield code="d">-704</subfield>
    </datafield>
    <datafield tag="400" ind1="1" ind2=" ">
      <subfield code="a">Kalid, Persicus</subfield>
      <subfield code="d">-704</subfield>
    </datafield>
    <datafield tag="400" ind1="0" ind2=" ">
      <subfield code="a">Calid</subfield>
      <subfield code="c">filius Iazichi</subfield>
      <subfield code="d">-704</subfield>
    </datafield>
    <datafield tag="400" ind1="0" ind2=" ">
      <subfield code="a">Calid</subfield>
      <subfield code="c">filius Iezidi</subfield>
      <subfield code="d">-704</subfield>
    </datafield>
    <datafield tag="400" ind1="0" ind2=" ">
      <subfield code="a">Khālid Ibn Yazīd Ibn Mu'āwiyya</subfield>
      <subfield code="d">-704</subfield>
    </datafield>
    <datafield tag="400" ind1="0" ind2=" ">
      <subfield code="a">Khālid ibn Yazīd b. Mu♭āwiya</subfield>
      <subfield code="d">-704</subfield>
    </datafield>
    <datafield tag="400" ind1="0" ind2=" ">
      <subfield code="a">Calid</subfield>
      <subfield code="c">Rex Aegytiorum</subfield>
      <subfield code="d">-704</subfield>
    </datafield>
    <datafield tag="400" ind1="0" ind2=" ">
      <subfield code="a">Calid</subfield>
      <subfield code="c">Aegytia, Rex</subfield>
      <subfield code="d">-704</subfield>
    </datafield>
    <datafield tag="400" ind1="0" ind2=" ">
      <subfield code="a">Calid</subfield>
      <subfield code="c">filz de Iazic</subfield>
      <subfield code="d">-704</subfield>
    </datafield>
    <datafield tag="400" ind1="0" ind2=" ">
      <subfield code="a">Calid</subfield>
      <subfield code="c">fils de Iazic</subfield>
      <subfield code="d">-704</subfield>
    </datafield>
    <datafield tag="400" ind1="0" ind2=" ">
      <subfield code="a">Calid</subfield>
      <subfield code="c">filz de Jazic</subfield>
      <subfield code="d">-704</subfield>
    </datafield>
    <datafield tag="400" ind1="0" ind2=" ">
      <subfield code="a">Calid</subfield>
      <subfield code="c">fils de Jazic</subfield>
      <subfield code="d">-704</subfield>
    </datafield>
    <datafield tag="400" ind1="0" ind2=" ">
      <subfield code="a">Calib</subfield>
      <subfield code="c">Juif</subfield>
      <subfield code="d">-704</subfield>
    </datafield>
    <datafield tag="400" ind1="0" ind2=" ">
      <subfield code="a">Calid</subfield>
      <subfield code="c">Juif</subfield>
      <subfield code="d">-704</subfield>
    </datafield>
    <datafield tag="400" ind1="0" ind2=" ">
      <subfield code="a">Calid</subfield>
      <subfield code="d">-704</subfield>
    </datafield>
    <datafield tag="400" ind1="0" ind2=" ">
      <subfield code="a">Kallid</subfield>
      <subfield code="d">-704</subfield>
    </datafield>
    <datafield tag="400" ind1="0" ind2=" ">
      <subfield code="a">Ḫālid ibn Jesīd</subfield>
      <subfield code="d">-704</subfield>
    </datafield>
    <datafield tag="400" ind1="0" ind2=" ">
      <subfield code="a">Ḫālid ibn Yesīd</subfield>
      <subfield code="d">-704</subfield>
    </datafield>
    <datafield tag="400" ind1="0" ind2=" ">
      <subfield code="a">Galid</subfield>
      <subfield code="d">-704</subfield>
    </datafield>
    <datafield tag="400" ind1="0" ind2=" ">
      <subfield code="a">Ḫālid ibn Jazīd al-Umawī</subfield>
      <subfield code="d">-704</subfield>
    </datafield>
    <datafield tag="400" ind1="0" ind2=" ">
      <subfield code="a">Kalid</subfield>
      <subfield code="d">-704</subfield>
    </datafield>
    <datafield tag="548" ind1=" " ind2=" ">
      <subfield code="a">-704</subfield>
      <subfield code="4">datl</subfield>
      <subfield code="4">https://d-nb.info/standards/elementset/gnd#dateOfDeath</subfield>
      <subfield code="w">r</subfield>
      <subfield code="i">Lebensdaten</subfield>
      <subfield code="9">v:Geburtsjahr nicht ermittelt, abweichendes Todesjahr 708</subfield>
    </datafield>
    <datafield tag="550" ind1=" " ind2=" ">
      <subfield code="0">(DE-101)042126800</subfield>
      <subfield code="0">(DE-588)4212680-0</subfield>
      <subfield code="0">https://d-nb.info/gnd/4212680-0</subfield>
      <subfield code="a">Alchemist</subfield>
      <subfield code="4">berc</subfield>
      <subfield code="4">https://d-nb.info/standards/elementset/gnd#professionOrOccupation</subfield>
      <subfield code="w">r</subfield>
      <subfield code="i">Charakteristischer Beruf</subfield>
    </datafield>
    <datafield tag="667" ind1=" " ind2=" ">
      <subfield code="a">VD-17</subfield>
    </datafield>
    <datafield tag="667" ind1=" " ind2=" ">
      <subfield code="a">Anderslt. Todesjahr 708</subfield>
      <subfield code="5">CH-ZuETHN</subfield>
    </datafield>
    <datafield tag="667" ind1=" " ind2=" ">
      <subfield code="a">MMm</subfield>
    </datafield>
    <datafield tag="670" ind1=" " ind2=" ">
      <subfield code="a">LCAuth</subfield>
    </datafield>
    <datafield tag="670" ind1=" " ind2=" ">
      <subfield code="a">CERL Thesaurus</subfield>
    </datafield>
    <datafield tag="678" ind1=" " ind2=" ">
      <subfield code="b">Iranischer Alchemist</subfield>
    </datafield>
    <datafield tag="913" ind1=" " ind2=" ">
      <subfield code="S">pnd</subfield>
      <subfield code="i">5</subfield>
      <subfield code="a">Khālid ibn Yazīd al-Umawī</subfield>
      <subfield code="0">(DE-588a)12988121X</subfield>
    </datafield>
  </record>
